<?xml version="1.0" encoding="UTF-8"?><record xmlns="http://www.loc.gov/MARC21/slim" xmlns:cinclude="http://apache.org/cocoon/include/1.0" xmlns:zs="http://www.loc.gov/zing/srw/">
  <leader>00572nz  a2200169n  4500</leader>
  <controlfield tag="001">no 97018363 </controlfield>
  <controlfield tag="003">DLC</controlfield>
  <controlfield tag="005">19970325052533.7</controlfield>
  <controlfield tag="008">970324n| acannaab|          |a aaa     c</controlfield>
  <datafield tag="010" ind1=" " ind2=" ">
    <subfield code="a">no 97018363 </subfield>
  </datafield>
  <datafield tag="035" ind1=" " ind2=" ">
    <subfield code="a">(OCoLC)oca04301587 </subfield>
  </datafield>
  <datafield tag="040" ind1=" " ind2=" ">
    <subfield code="a">OCl</subfield>
    <subfield code="c">OCl</subfield>
  </datafield>
  <datafield tag="100" ind1="1" ind2="0">
    <subfield code="a">French, Henri G.</subfield>
  </datafield>
  <datafield tag="400" ind1="1" ind2="0">
    <subfield code="a">French, H. G.</subfield>
    <subfield code="q">(Henri G.)</subfield>
  </datafield>
  <datafield tag="400" ind1="1" ind2="0">
    <subfield code="a">French, H. C.</subfield>
    <subfield code="q">(Henri C.)</subfield>
  </datafield>
  <datafield tag="670" ind1=" " ind2=" ">
    <subfield code="a">Eighth grand pantomime Three blind mice!, 1896?:</subfield>
    <subfield code="b">cover (Henri G. French) microfiche header (French, H.G.)</subfield>
  </datafield>
  <datafield tag="670" ind1=" " ind2=" ">
    <subfield code="a">Seventh grand pantomime Cinderella, 1895?:</subfield>
    <subfield code="b">microfiche header (French, H.C.)</subfield>
  </datafield>
</record>